@misc{SonNasa,
   ?_author    = "Nasa - Neil Armstrong",
   ?_title     = "One small step for a man, one giant leap for mankind",
   ?_howpublished = \url{https://www.nasa.gov/mission_pages/apollo/apollo11_audio.html},
   ?_year     = "1969",
   ?_month    = "July",
   ?_note     = "fichier audio",
}
@misc{GDX2D,
   ?_author    = "Pierre-Andr√© Mudry",
   ?_title     = "A gaming library for the INF1 course",
   ?_howpublished = \url{https://www.javadoc.io/static/ch.hevs.gdx2d/gdx2d-desktop/1.2.1/overview-summary.html},
   ?_note     = "Version 1.2.1",
}
