@book{gieck,
  title={Formulaire Technique},
  author={Kurt Gieck},
  isbn={210059298X},
  year={2013},
  publisher={DUNOD}
}
@misc{Inf1Begin,
  author    = "Pierre-André Mudry",
  title     = "Inf1 website",
  howpublished = \url{https://inf1.begincoding.net/},
}
@misc{SonNasa,
   author    = "Nasa - Neil Armstrong",
   title     = "One small step for a man, one giant leap for mankind",
   howpublished = \url{https://www.nasa.gov/mission_pages/apollo/apollo11_audio.html},
   year     = "1969",
   month    = "July",
   note     = "fichier audio",
}
@misc{GDX2D,
   author    = "Pierre-André Mudry",
   title     = "A gaming library for the INF1 course",
   howpublished = \url{https://www.javadoc.io/static/ch.hevs.gdx2d/gdx2d-desktop/1.2.1/overview-summary.html},
   note     = "Version 1.2.1",
}
